@InProceedings{read,
author={Hadinyoto, Andrew and Leong, David},
  title={Managing student final year project with redmine},
  booktitle={International Symposium on Advances in Technology Education},
  volume={27},
  pages={29},
  year={2011}
}
@Phdthesis{khazaliprogress,
  title={Progress Monitoring System for Student Final Year Project},
  author={Khazali, Siti Nurhidayah Mohamad},
  year={2013},
  school={UMP}
}
@InProceedings{baban2010online,
author={Baban, Hediyeh and Mokhtar, Salimah},
  title={Online document management system for academic institutes},
  booktitle={2010 3rd International Conference on Information Management, Innovation Management and Industrial Engineering},
  volume={4},
  pages={315--319},
  year={2010},
  organization={IEEE}
}
@InProceedings{snae2008web,
author={Snae, Chakkrit and Bruckner, Michael},
  title={Web-based evaluation system for online courses and Learning Management Systems},
  booktitle={2008 2nd IEEE International Conference on Digital Ecosystems and Technologies},
  pages={332--339},
  year={2008},
  organization={IEEE}
}

@InProceedings{wangdesign,
  title={The design and implementation of online management system for undergraduates' thesis (project)},
  author={Wang, Hongfu},
  booktitle={2011 International Conference on E-Business and E-Government (ICEE)},
  pages={1--4},
  year={2011},
  organization={IEEE}
}
@InProceedings{clementmaking,
	author={Clement, Ross and Bounds, Peter},
  title={Making connections between final year students and potential project supervisors},
  year={2013},
  organization={The Higher Education Academy}
}
@Article{article,
author = {Abu Bakar, Marini and Jailani, Norleyza and Shukur, Zarina and Yatim, Noor},
year = {2011},
month = {12},
pages = {273-281},
title = {Final Year Supervision Management System as a Tool for Monitoring Computer Science Projects},
volume = {18},
journal = {Procedia - Social and Behavioral Sciences}
}
@article{alousmart,
  title={Smart grid security: Threats, vulnerabilities and solutions},
  author={Aloul, Fadi and Al-Ali, AR and Al-Dalky, Rami and Al-Mardini, Mamoun and El-Hajj, Wassim},
  journal={International Journal of Smart Grid and Clean Energy},
  volume={1},
  number={1},
  pages={1--6},
  year={2012}
}
@book{scort,
author = {Ambler, Scott},
year = {2004},
month = {01},
title = {The object primer: agile modeling-driven development with UML 2.0},
doi = {10.1017/CBO9780511584077}
}
@misc{simleyteaching,
  author = {Software Testing Class},
  title = {Importance of Testing},
  year = 2013,
  howpublished = {\url{http://www.softwaretestingclass.com/importance-of-testing.}},
  urldate = {2019-05-05}
}
}
@misc{win,
  author = {Don Wells},
  title = {Unit Tests},
  year = 1999,
  howpublished = {\url{http://www.extremeprogramming.org/rules/unittests.html}},
  urldate = {2019-05-05}
}
